<record><leader>00000cas a22000007a 4500</leader><controlfield tag="001">16261491</controlfield><controlfield tag="008">870721d18561857njudn ne      0    0eng d</controlfield><datafield ind1=" " ind2=" " tag="010"><subfield code="a">sn 87068058 </subfield></datafield><datafield ind1=" " ind2=" " tag="040"><subfield code="a">NJW</subfield><subfield code="b">eng</subfield><subfield code="c">NJW</subfield><subfield code="d">OCLCQ</subfield></datafield><datafield ind1=" " ind2=" " tag="042"><subfield code="a">msc</subfield></datafield><datafield ind1="0" ind2="4" tag="245"><subfield code="a">The Daily Jacksonian.</subfield></datafield><datafield ind1=" " ind2=" " tag="260"><subfield code="a">Newark, N.J. :</subfield><subfield code="b">J.C. Thornton &amp; Co.</subfield></datafield><datafield ind1=" " ind2=" " tag="310"><subfield code="a">Daily (except Sun.)</subfield></datafield><datafield ind1="1" ind2=" " tag="362"><subfield code="a">Began in 1856; ceased in 1857.</subfield></datafield><datafield ind1=" " ind2=" " tag="580"><subfield code="a">Published a weekly edition called: Jacksonian (Newark, N.J.).</subfield></datafield><datafield ind1=" " ind2=" " tag="588"><subfield code="a">Description based on: Vol. 1, no. 55 (Oct. 6, 1856).</subfield></datafield><datafield ind1=" " ind2=" " tag="752"><subfield code="a">United States</subfield><subfield code="b">New Jersey</subfield><subfield code="c">Essex</subfield><subfield code="d">Newark.</subfield></datafield><datafield ind1="1" ind2=" " tag="775"><subfield code="t">Jacksonian (Newark, N.J.)</subfield></datafield><datafield ind1="0" ind2="7" tag="785"><subfield code="t">Newark daily eagle</subfield><subfield code="w">(DLC)sn 85025418</subfield><subfield code="w">(OCoLC)11735388</subfield></datafield><datafield ind1="0" ind2="7" tag="785"><subfield code="t">Newark evening journal</subfield><subfield code="w">(DLC)sn 84026551</subfield><subfield code="w">(OCoLC)10498081</subfield></datafield></record>